@inproceedings{deng2013maximizing,
  title={Maximizing the number of worker's self-selected tasks in spatial crowdsourcing},
  author={Deng, Dingxiong and Shahabi, Cyrus and Demiryurek, Ugur},
  booktitle={Proceedings of the 21st acm sigspatial international conference on advances in geographic information systems},
  pages={324--333},
  year={2013},
  organization={ACM}
}

@article{DBLP:journals/pvldb/TongSDCWX16,
  author    = {Yongxin Tong and
               Jieying She and
               Bolin Ding and
               Lei Chen and
               Tianyu Wo and
               Ke Xu},
  title     = {Online Minimum Matching in Real-Time Spatial Data: Experiments and
               Analysis},
  journal   = {{PVLDB}},
  volume    = {9},
  number    = {12},
  pages     = {1053--1064},
  year      = {2016},
  url       = {http://www.vldb.org/pvldb/vol9/p1053-tong.pdf},
  doi       = {10.14778/2994509.2994523},
  timestamp = {Thu, 16 Aug 2018 11:33:44 +0200},
  biburl    = {https://dblp.org/rec/bib/journals/pvldb/TongSDCWX16},
  bibsource = {dblp computer science bibliography, https://dblp.org}
}

@inproceedings{corral2000closest,
  title={Closest pair queries in spatial databases},
  author={Corral, Antonio and Manolopoulos, Yannis and Theodoridis, Yannis and Vassilakopoulos, Michael},
  booktitle={ACM SIGMOD Record},
  volume={29},
  number={2},
  pages={189--200},
  year={2000},
  organization={ACM}
}
@article{gale1962college,
  title={College admissions and the stability of marriage},
  author={Gale, David and Shapley, Lloyd S},
  journal={The American Mathematical Monthly},
  volume={69},
  number={1},
  pages={9--15},
  year={1962},
  publisher={Taylor \& Francis}
}
@inproceedings{xia2017revenue,
  title={Revenue-maximizing stable pricing in online labor markets},
  author={Xia, Chaolun and Muthukrishnan, Shan},
  booktitle={Fifth AAAI Conference on Human Computation and Crowdsourcing},
  year={2017}
}
@inproceedings{wong2007efficient,
  title={On efficient spatial matching},
  author={Wong, Raymond Chi-Wing and Tao, Yufei and Fu, Ada Wai-Chee and Xiao, Xiaokui},
  booktitle={Proceedings of the 33rd international conference on Very large data bases},
  pages={579--590},
  year={2007},
  organization={VLDB Endowment}
}
@inproceedings{feldman2012revenue,
  title={Revenue maximizing envy-free multi-unit auctions with budgets},
  author={Feldman, Michal and Fiat, Amos and Leonardi, Stefano and Sankowski, Piotr},
  booktitle={Proceedings of the 13th ACM Conference on Electronic Commerce},
  pages={532--549},
  year={2012},
  organization={ACM}
}
@inproceedings{ho2012online,
  title={Online task assignment in crowdsourcing markets},
  author={Ho, Chien-Ju and Vaughan, Jennifer Wortman},
  booktitle={Twenty-Sixth AAAI Conference on Artificial Intelligence},
  year={2012}
}
@inproceedings{tong2016online,
  title={Online mobile micro-task allocation in spatial crowdsourcing},
  author={Tong, Yongxin and She, Jieying and Ding, Bolin and Wang, Libin and Chen, Lei},
  booktitle={2016 IEEE 32Nd international conference on data engineering (ICDE)},
  pages={49--60},
  year={2016},
  organization={IEEE}
}
@article{tong2017flexible,
  title={Flexible online task assignment in real-time spatial data},
  author={Tong, Yongxin and Wang, Libin and Zhou, Zimu and Ding, Bolin and Chen, Lei and Ye, Jieping and Xu, Ke},
  journal={Proceedings of the VLDB Endowment},
  volume={10},
  number={11},
  pages={1334--1345},
  year={2017},
  publisher={VLDB Endowment}
}
@inproceedings{musthag2013labor,
  title={Labor dynamics in a mobile micro-task market},
  author={Musthag, Mohamed and Ganesan, Deepak},
  booktitle={Proceedings of the SIGCHI Conference on Human Factors in Computing Systems},
  pages={641--650},
  year={2013},
  organization={ACM}
}
@inproceedings{karp1990optimal,
  title={An optimal algorithm for on-line bipartite matching},
  author={Karp, Richard M and Vazirani, Umesh V and Vazirani, Vijay V},
  booktitle={Proceedings of the twenty-second annual ACM symposium on Theory of computing},
  pages={352--358},
  year={1990},
  organization={ACM}
}
@article{tong2016online,
  title={Online minimum matching in real-time spatial data: experiments and analysis},
  author={Tong, Yongxin and She, Jieying and Ding, Bolin and Chen, Lei and Wo, Tianyu and Xu, Ke},
  journal={Proceedings of the VLDB Endowment},
  volume={9},
  number={12},
  pages={1053--1064},
  year={2016},
  publisher={VLDB Endowment}
}

@inproceedings{tong2016online,
  title={Online mobile micro-task allocation in spatial crowdsourcing},
  author={Tong, Yongxin and She, Jieying and Ding, Bolin and Wang, Libin and Chen, Lei},
  booktitle={2016 IEEE 32Nd international conference on data engineering (ICDE)},
  pages={49--60},
  year={2016},
  organization={IEEE}
}

@inproceedings{bei2018algorithms,
  title={Algorithms for trip-vehicle assignment in ride-sharing},
  author={Bei, Xiaohui and Zhang, Shengyu},
  booktitle={Thirty-Second AAAI Conference on Artificial Intelligence},
  year={2018}
}

@inproceedings{deng2017complexity,
  title={The complexity of stable matchings under substitutable preferences},
  author={Deng, Yuan and Panigrahi, Debmalya and Waggoner, Bo},
  booktitle={Thirty-First AAAI Conference on Artificial Intelligence},
  year={2017}
}

@inproceedings{kazemi2013geotrucrowd,
  title={Geotrucrowd: trustworthy query answering with spatial crowdsourcing},
  author={Kazemi, Leyla and Shahabi, Cyrus and Chen, Lei},
  booktitle={Proceedings of the 21st acm sigspatial international conference on advances in geographic information systems},
  pages={314--323},
  year={2013},
  organization={ACM}
}

@inproceedings{pournajaf2014spatial,
  title={Spatial task assignment for crowd sensing with cloaked locations},
  author={Pournajaf, Layla and Xiong, Li and Sunderam, Vaidy and Goryczka, Slawomir},
  booktitle={2014 IEEE 15th International Conference on Mobile Data Management},
  volume={1},
  pages={73--82},
  year={2014},
  organization={IEEE}
}

@article{irving1987efficient,
  title={An efficient algorithm for the “optimal” stable marriage},
  author={Irving, Robert W and Leather, Paul and Gusfield, Dan},
  journal={Journal of the ACM (JACM)},
  volume={34},
  number={3},
  pages={532--543},
  year={1987},
  publisher={ACM}
}

@article{DBLP:journals/sigspatial/TongZ18,
  author    = {Yongxin Tong and
               Zimu Zhou},
  title     = {Dynamic task assignment in spatial crowdsourcing},
  journal   = {{SIGSPATIAL} Special},
  volume    = {10},
  number    = {2},
  pages     = {18--25},
  year      = {2018},
}

@Article{Tong2019,
	author="Tong, Yongxin
	and Zhou, Zimu
	and Zeng, Yuxiang
	and Chen, Lei
	and Shahabi, Cyrus",
	title="Spatial crowdsourcing: a survey",
	journal="The VLDB Journal",
	year="2019",
	month="Aug",
	url="https://doi.org/10.1007/s00778-019-00568-7"
}

@inproceedings{DBLP:conf/icde/WangTLXXL19,
  author    = {Yansheng Wang and
               Yongxin Tong and
               Cheng Long and
               Pan Xu and
               Ke Xu and
               Weifeng Lv},
  title     = {Adaptive Dynamic Bipartite Graph Matching: {A} Reinforcement Learning
               Approach},
  booktitle = {ICDE},
  pages     = {1478--1489},
  year      = {2019},
}



@inproceedings{DBLP:conf/gis/KazemiSC13,
  author    = {Leyla Kazemi and
               Cyrus Shahabi and
               Lei Chen},
  title     = {GeoTruCrowd: trustworthy query answering with spatial crowdsourcing},
  booktitle = {{SIGSPATIAL}},
  pages     = {304--313},
  year      = {2013},
}

@inproceedings{DBLP:conf/icde/ZengTCZ18,
  author    = {Yuxiang Zeng and
               Yongxin Tong and
               Lei Chen and
               Zimu Zhou},
  title     = {Latency-Oriented Task Completion via Spatial Crowdsourcing},
  booktitle = {ICDE},
  pages     = {317--328},
  year      = {2018},
}

@ARTICLE{tongTKDE19,
	author={
		Yongxin {Tong} and 
		Yuxiang {Zeng} and 
		Bolin {Ding} and 
		Libin {Wang} and 
		Lei {Chen}
	},
	journal={IEEE Transactions on Knowledge and Data Engineering},
	title={Two-sided Online Micro-Task Assignment in Spatial Crowdsourcing},
	year={2019},
	url={https://doi.org/10.1109/TKDE.2019.2948863},
}

@article{lee1999online,
  title={Online stable matching as a means of allocating distributed resources},
  author={Lee, Hyunyoung},
  journal={Journal of systems architecture},
  volume={45},
  number={15},
  pages={1345--1355},
  year={1999},
  publisher={Elsevier}
}

@inproceedings{deng2017complexity,
  title={The complexity of stable matchings under substitutable preferences},
  author={Deng, Yuan and Panigrahi, Debmalya and Waggoner, Bo},
  booktitle={Thirty-First AAAI Conference on Artificial Intelligence},
  year={2017}
}

@article{khuller1994line,
  title={On-line algorithms for weighted bipartite matching and stable marriages},
  author={Khuller, Samir and Mitchell, Stephen G and Vazirani, Vijay V},
  journal={Theoretical Computer Science},
  volume={127},
  number={2},
  pages={255--267},
  year={1994},
  publisher={Elsevier}
}

@article{gusfield1989stable,
  title={The Stable marriage problem-structure and algorithms. Foundations of computing series},
  author={Gusfield, Dan and Irving, Robert W},
  journal={MIT Press},
  volume={1},
  number={2},
  pages={5},
  year={1989}
}

@book{david2013algorithmics,
  title={Algorithmics of matching under preferences},
  author={David, Manlove},
  volume={2},
  year={2013},
  publisher={World Scientific}
}

@inproceedings{huzhang2017online,
  title={Online Roommate Allocation Problem.},
  author={Huzhang, Guangda and Huang, Xin and Zhang, Shengyu and Bei, Xiaohui},
  booktitle={IJCAI},
  pages={235--241},
  year={2017}
}

@inproceedings{kazemi2012geocrowd,
  title={Geocrowd: enabling query answering with spatial crowdsourcing},
  author={Kazemi, Leyla and Shahabi, Cyrus},
  booktitle={Proceedings of the 20th international conference on advances in geographic information systems},
  pages={189--198},
  year={2012},
  organization={ACM}
}

@article{tong2017flexible,
  title={Flexible online task assignment in real-time spatial data},
  author={Tong, Yongxin and Wang, Libin and Zhou, Zimu and Ding, Bolin and Chen, Lei and Ye, Jieping and Xu, Ke},
  journal={Proceedings of the VLDB Endowment},
  volume={10},
  number={11},
  pages={1334--1345},
  year={2017},
  publisher={VLDB Endowment}
}

@inproceedings{zhao2019preference,
  title={Preference-Aware Task Assignment in On-demand Taxi Dispatching: An Online Stable Matching Approach},
  author={Zhao, Boming and Xu, Pan and Shi, Yexuan and Tong, Yongxin and Zhou, Zimu and Zeng, Yuxiang},
  booktitle={AAAI Conference on Artificial Intelligence (AAAI 2019)},
  year={2019}
}

@inproceedings{to2016real,
  title={Real-time task assignment in hyperlocal spatial crowdsourcing under budget constraints},
  author={To, Hien and Fan, Liyue and Tran, Luan and Shahabi, Cyrus},
  booktitle={2016 IEEE International Conference on Pervasive Computing and Communications (PerCom)},
  pages={1--8},
  year={2016},
  organization={IEEE}
}

@article{tran2018real,
  title={A real-time framework for task assignment in hyperlocal spatial crowdsourcing},
  author={Tran, Luan and To, Hien and Fan, Liyue and Shahabi, Cyrus},
  journal={ACM Transactions on Intelligent Systems and Technology (TIST)},
  volume={9},
  number={3},
  pages={37},
  year={2018},
  publisher={ACM}
}

@article{ahuja1995network,
  title={Network flows: theory, algorithms and applications},
  author={Ahuja, Ravindra K and Magnanti, Thomas L and Orlin, James B and Weihe, K},
  journal={ZOR-Methods and Models of Operations Research},
  volume={41},
  number={3},
  pages={252--254},
  year={1995},
  publisher={Wurzburg, Physica-Verlag, 1972-1995.}
}

@inproceedings{long2013optimal,
  title={On optimal worst-case matching},
  author={Long, Cheng and Wong, Raymond Chi-Wing and Yu, Philip S and Jiang, Minhao},
  booktitle={Proceedings of the 2013 ACM SIGMOD International Conference on Management of Data},
  pages={845--856},
  year={2013},
  organization={ACM}
}

@inproceedings{karp1990optimal,
  title={An optimal algorithm for on-line bipartite matching},
  author={Karp, Richard M and Vazirani, Umesh V and Vazirani, Vijay V},
  booktitle={Proceedings of the twenty-second annual ACM symposium on Theory of computing},
  pages={352--358},
  year={1990},
  organization={ACM}
}

@inproceedings{meyerson2006randomized,
  title={Randomized online algorithms for minimum metric bipartite matching},
  author={Meyerson, Adam and Nanavati, Akash and Poplawski, Laura},
  booktitle={Proceedings of the seventeenth annual ACM-SIAM symposium on Discrete algorithm},
  pages={954--959},
  year={2006},
  organization={Society for Industrial and Applied Mathematics}
}

@article{kalyanasundaram1993online,
  title={Online weighted matching},
  author={Kalyanasundaram, Bala and Pruhs, Kirk},
  journal={Journal of Algorithms},
  volume={14},
  number={3},
  pages={478--488},
  year={1993},
  publisher={Elsevier}
}

@inproceedings{song2017trichromatic,
  title={Trichromatic online matching in real-time spatial crowdsourcing},
  author={Song, Tianshu and Tong, Yongxin and Wang, Libin and She, Jieying and Yao, Bin and Chen, Lei and Xu, Ke},
  booktitle={2017 IEEE 33rd International Conference on Data Engineering (ICDE)},
  pages={1009--1020},
  year={2017},
  organization={IEEE}
}

@misc{
NYCTLC,
author = {the New York City Taxi and Limousine Commission},
title = {TLC Trip Record Data},
howpublished = {\url{https://www1.nyc.gov/site/tlc/about/tlc-trip-record-data.page}}
}

@article{bertsimas2019online,
  title={Online vehicle routing: The edge of optimization in large-scale applications},
  author={Bertsimas, Dimitris and Jaillet, Patrick and Martin, S{\'e}bastien},
  journal={Operations Research},
  volume={67},
  number={1},
  pages={143--162},
  year={2019},
  publisher={INFORMS}
}
